<record><leader>00000cas a22000007a 4500</leader><controlfield tag="001">23722831</controlfield><controlfield tag="008">910509c19739999nyuwr ne      0    0eng d</controlfield><datafield ind1=" " ind2=" " tag="010"><subfield code="a">sn 91066496 </subfield></datafield><datafield ind1=" " ind2=" " tag="040"><subfield code="a">NYS</subfield><subfield code="b">eng</subfield><subfield code="c">NYS</subfield><subfield code="d">OCLCQ</subfield><subfield code="d">OCLCF</subfield><subfield code="d">OCLCO</subfield></datafield><datafield ind1="1" ind2=" " tag="029"><subfield code="a">AU@</subfield><subfield code="b">000020666719</subfield></datafield><datafield ind1=" " ind2=" " tag="032"><subfield code="a">343980</subfield><subfield code="b">USPS</subfield></datafield><datafield ind1=" " ind2=" " tag="037"><subfield code="b">PO Box 129, Mexico, NY 13114</subfield></datafield><datafield ind1=" " ind2=" " tag="042"><subfield code="a">msc</subfield></datafield><datafield ind1=" " ind2=" " tag="043"><subfield code="a">n-us-ny</subfield></datafield><datafield ind1="0" ind2=" " tag="130"><subfield code="a">Independent mirror (Mexico, N.Y. : 1973)</subfield></datafield><datafield ind1="1" ind2="0" tag="245"><subfield code="a">Independent mirror.</subfield></datafield><datafield ind1="3" ind2="0" tag="246"><subfield code="a">Oswego County weeklies hometown news</subfield></datafield><datafield ind1="3" ind2="0" tag="246"><subfield code="a">Oswego County weeklies</subfield></datafield><datafield ind1="3" ind2="0" tag="246"><subfield code="a">Hometown news</subfield></datafield><datafield ind1=" " ind2=" " tag="260"><subfield code="a">Mexico, N.Y. :</subfield><subfield code="b">Everet V. Backus,</subfield><subfield code="c">1973-</subfield></datafield><datafield ind1=" " ind2=" " tag="300"><subfield code="a">v. :</subfield><subfield code="b">ill. ;</subfield><subfield code="c">44 cm.</subfield></datafield><datafield ind1=" " ind2=" " tag="310"><subfield code="a">Weekly</subfield></datafield><datafield ind1="0" ind2=" " tag="362"><subfield code="a">Vol. 113, no. 44 (Nov. 1, 1973)-</subfield></datafield><datafield ind1=" " ind2=" " tag="500"><subfield code="a">"Serving Mexico &amp; Parish."</subfield></datafield><datafield ind1=" " ind2=" " tag="500"><subfield code="a">"Your hometown newspaper."</subfield></datafield><datafield ind1=" " ind2=" " tag="500"><subfield code="a">Second section called: Oswego County weeklies, 1973-1983; Oswego County weeklies hometown news, 1983-&lt;2001&gt;.</subfield></datafield><datafield ind1=" " ind2=" " tag="500"><subfield code="a">Published by: Everet V. Backus, 1973-1993; Mark Backus, 1993-&lt;2001&gt;.</subfield></datafield><datafield ind1=" " ind2=" " tag="588"><subfield code="a">Latest issue consulted: 141st year, no 19 (May 9, 2001).</subfield></datafield><datafield ind1=" " ind2="0" tag="651"><subfield code="a">Mexico (N.Y.)</subfield><subfield code="v">Newspapers.</subfield></datafield><datafield ind1=" " ind2="0" tag="651"><subfield code="a">Parish (N.Y.)</subfield><subfield code="v">Newspapers.</subfield></datafield><datafield ind1=" " ind2="0" tag="651"><subfield code="a">Oswego County (N.Y.)</subfield><subfield code="v">Newspapers.</subfield></datafield><datafield ind1=" " ind2="7" tag="655"><subfield code="a">Newspapers.</subfield><subfield code="2">fast</subfield><subfield code="0">(OCoLC)fst01423814</subfield></datafield><datafield ind1=" " ind2="7" tag="651"><subfield code="a">New York (State)</subfield><subfield code="z">Mexico.</subfield><subfield code="2">fast</subfield><subfield code="0">(OCoLC)fst01221623</subfield></datafield><datafield ind1=" " ind2="7" tag="651"><subfield code="a">New York (State)</subfield><subfield code="z">Oswego County.</subfield><subfield code="2">fast</subfield><subfield code="0">(OCoLC)fst01208853</subfield></datafield><datafield ind1=" " ind2="7" tag="651"><subfield code="a">New York (State)</subfield><subfield code="z">Parish.</subfield><subfield code="2">fast</subfield><subfield code="0">(OCoLC)fst01221693</subfield></datafield><datafield ind1=" " ind2=" " tag="752"><subfield code="a">United States</subfield><subfield code="b">New York</subfield><subfield code="c">Oswego</subfield><subfield code="d">Mexico.</subfield></datafield><datafield ind1=" " ind2=" " tag="752"><subfield code="a">United States</subfield><subfield code="b">New York</subfield><subfield code="c">Oswego</subfield><subfield code="d">Parish.</subfield></datafield><datafield ind1="0" ind2="4" tag="780"><subfield code="t">Mexico independent mirror</subfield><subfield code="w">(DLC)sn 94057690</subfield><subfield code="w">(OCoLC)29787458</subfield></datafield><datafield ind1="0" ind2="4" tag="780"><subfield code="t">Parish independent mirror</subfield><subfield code="w">(DLC)sn 94057691</subfield><subfield code="w">(OCoLC)29787459</subfield></datafield></record>